@ARTICLE{Figueredo:2009dg,
   author = {Figueredo, A.~J. and Wolf, P. S.~A.},
   title = {Assortative pairing and life history strategy - a cross-cultural study.},
   journal = {Human Nature},
   volume = {20},
   pages = {317-330},
   year = {2009}
},
@BOOK{Monte:NAaEFrame
,  AUTHOR    = {Monte, Matthew}
,  TITLE     = {Network Attacks and Exploitation a Framework}
,  PUBLISHER = {Wiley}
,  YEAR      = {2015}
,  ISBN      = {978-1-118-98712-4}
},

@TECHREPORT{DNI:ICD203
,  AUTHOR    = {DNI}
,  TITLE     = {Analytic Standards}
,  INSTITUTION = {Office of the Director of National Intelligence}
,  YEAR      = {2015}
,  TYPE      = {Intelligence Community Directive}
,  NUMBER    = {203}
,  MONTH     = {2 Jan}
,  NOTE   = {https://www.dni.gov/files/documents/ICD/ICD%20203%20Analytic%20Standards.pdf}
},

@TECHREPORT{Symantech:Blog:Bayrob
,  AUTHOR    = {Symantech Security Responce}
,  TITLE     = {Bayrob: Three suspects extradited to face charges in US}
,  INSTITUTION = {Symantec}
,  YEAR      = {2016}
,  TYPE      = {Blog}
,  MONTH     = {16 Dec}
,  NOTE   = {Viewed: 21 Apr 2019 https://www.symantec.com/connect/blogs/bayrob-three-suspects-extradited-face-charges-us}
},

@ARTICLE{Navy:ReadRev
, AUTHOR = {}
,  TITLE = {Secretary of the Navy Cybersecurity Readiness Review  }
,  JOURNAL = {Navy}
,  YEAR      = {2019}
,  MONTH     = {Mar}
,  NOTE      = {Viewed: 24 Mar 2019 https://www.navy.mil/strategic/CyberSecurityReview.pdf}
},

@ARTICLE{Bing:Reuters:UAERaven
, AUTHOR = {Bing, Christopher and Schectman, Joel}
,  TITLE = {INSIDE THE UAE’S SECRET HACKING TEAM OF AMERICAN MERCENARIES Ex-NSA operatives reveal how they helped spy on targets for the Arab monarchy — dissidents, rival leaders and journalists.}
,  JOURNAL = {Reuters}
,  YEAR      = {2019}
,  MONTH     = {30 Jan}
,  NOTE      = {Viewed: 30 Jan 2019 \href{https://www.reuters.com/investigates/special-report/usa-spying-raven/}{https://www.reuters.com/investigates/special-report/usa-spying-raven/}}
},




@ARTICLE{Gaughan:Court:Nicolescu
, AUTHOR = {Gaughan, Patricia Anne}
,  TITLE = {United States v. Nicolescu (1:16-cr-00224) District Court, N.D. Ohio}
,  JOURNAL = {Court Listener}
,  YEAR      = {2019}
,  MONTH     = {18 Apr}
,  NOTE      = {Viewed: 21 Apr 2019 https://www.courtlistener.com/docket/ 4555763/united-states-v-nicolescu/}
}
,

@ARTICLE{Satariano:NYT:HuaweiWooed
, AUTHOR = {Satariano, Adam and Zhong, Raymond}
,  TITLE = {How Huawei Wooed Europe With Sponsorships, Investments and Promises}
,  JOURNAL = {New York Times}
,  YEAR      = {2019}
,  MONTH     = {22 Jan}
,  NOTE      = {https://www.nytimes.com/2019/01/22/technology/huawei-europe-china.html }
},

@ARTICLE{Cimpanu:ZD:Bayrob
, AUTHOR = {Cimpanu, Catlin}
,  TITLE = {The Bayrob malware gang's rise and fall - The story of how a talented computer science student and his friends created and ran a multi-million dollar botnet.}
,  JOURNAL = {New York Times}
,  YEAR      = {2019}
,  MONTH     = {13 Apr}
,  NOTE      = {Viewed: 21 Apr 2019 https://www.zdnet.com/article/the-bayrob-malware-gangs-rise-and-fall/}
}
@ARTICLE{Satariano:NYT:PolandSpy
, AUTHOR = {Satariano, Adam and Berendt, Joanna}
,  TITLE = {Poland Arrests 2, Including Huawei Employee, Accused of Spying for China}
,  JOURNAL = {New York Times}
,  YEAR      = {2019}
,  MONTH     = {11 Jan}
,  NOTE      = {https://www.nytimes.com/2019/01/11/world/europe/poland-china-huawei-spy.html }
}